@preamble{ "\newcommand{\noopsort}[1]{} "
        # "\newcommand{\printfirst}[2]{#1} "
        # "\newcommand{\singleletter}[1]{#1} "
        # "\newcommand{\switchargs}[2]{#2#1} " }

\begin{comment}
@misc{TwinPrimesConjecture,
   author    = "Pollack, Paul",
   title     = "Not Always Buried Deep: Selections from Analytic and Combinatorial Number Theory",
   year      = 2004,
   url       = "http://www.princeton.edu/~ppollack/notes/notes.pdf",
   howpublished = "\url{http://www.princeton.edu/~ppollack/notes/notes.pdf}",
   chapter = "1.8.2",
}
\end{comment}

@misc{SieveMethods,
   author    = "Pollack, Paul",
   title     = "Not Always Buried Deep: Selections from Analytic and Combinatorial Number Theory",
   year      = 2004,
   url       = "http://www.princeton.edu/\tilda ppollack/notes/notes.pdf",
   howpublished = "\url{http://www.princeton.edu/~ppollack/notes/notes.pdf}",
   chapter = "3",
}


@misc{EulerProduct,
   author    = "Weisstein, Eric W.",
   title     = "Euler Product.",
   publisher = "MathWorld--A Wolfram Web Resource",
   year      = 2005,
   url       = "http://mathworld.wolfram.com/EulerProduct.html",
   howpublished = "\url{http://mathworld.wolfram.com/EulerProduct.html}",
}

@Book{HarmonicSeries,
  author =       "Julian Havil",
  title =        "{Gamma}: Exploring {Euler}'s Constant",
  publisher =    "Preceton University Press",
  year =         "2003",
  ISBN =         "0-691-09983-9",
  ISBN-13 =      "978-0-691-09983-5",
  LCCN =         "QA41 .H23 2003",
  bibdate =      "Thu Sep 25 16:52:46 2003",
  URL =          "http://www.loc.gov/catdir/description/prin031/2002192453.html",
  chapter = "2,5",
}

@article{HLConjecture,
	author={G. H. Hardy and J. E. Littlewood},
	title={Some Problems of `partitio Numerorum' : {III}: On the Expression of a Number
		as a Sum of Primes},
	journal= {Acta Math},
	volume= 44,
	year= 1923,
	pages={1-70},
	note={Reprinted in ``Collected Papers of G. H. Hardy,'' Vol. I, pp. 561-630, Clarendon
		Press, Oxford, 1966}
}

@article{IntroNT,
	author={G. H. Hardy and E. M. Wright},
	title={An introduction to the theory of numbers},
	year= 1979,
	publisher = "Oxford University Press",
	note={See page 351 for the proof of Merten's Theorem}
}
